<record><leader>00000cas a22000007a 4500</leader><controlfield tag="001">10251639</controlfield><controlfield tag="008">831227d18951895ksuwr ne      0   a0eng d</controlfield><datafield ind1=" " ind2=" " tag="010"><subfield code="a">sn 83041134 </subfield></datafield><datafield ind1=" " ind2=" " tag="040"><subfield code="a">KSH</subfield><subfield code="b">eng</subfield><subfield code="c">KSH</subfield><subfield code="d">NPT</subfield><subfield code="d">OCLCQ</subfield></datafield><datafield ind1=" " ind2=" " tag="042"><subfield code="a">msc</subfield></datafield><datafield ind1=" " ind2=" " tag="043"><subfield code="a">n-us-ks</subfield></datafield><datafield ind1="0" ind2="4" tag="245"><subfield code="a">The Waverly republican.</subfield></datafield><datafield ind1=" " ind2=" " tag="260"><subfield code="a">Waverly, Kan. :</subfield><subfield code="b">A.A. Smith,</subfield><subfield code="c">1895-</subfield></datafield><datafield ind1=" " ind2=" " tag="300"><subfield code="a">v. ;</subfield><subfield code="c">57 cm.</subfield></datafield><datafield ind1=" " ind2=" " tag="310"><subfield code="a">Weekly</subfield></datafield><datafield ind1="0" ind2=" " tag="362"><subfield code="a">Vol. 7, no. 5 (Feb. 1, 1895)-</subfield></datafield><datafield ind1="1" ind2=" " tag="362"><subfield code="a">Ceased with Mar. 22, 1895 issue?</subfield></datafield><datafield ind1=" " ind2=" " tag="752"><subfield code="a">United States</subfield><subfield code="b">Kansas</subfield><subfield code="c">Coffey</subfield><subfield code="d">Waverly.</subfield></datafield><datafield ind1="0" ind2="7" tag="780"><subfield code="t">Waverly gazette (Waverly, Kan. : 1889)</subfield><subfield code="w">(DLC)sn 83041143</subfield></datafield><datafield ind1="1" ind2=" " tag="029"><subfield code="a">AU@</subfield><subfield code="b">000025807401</subfield></datafield></record>